<record><leader>00000cas a22000007a 4500</leader><controlfield tag="001">22775156</controlfield><controlfield tag="008">901204d19811987ohuwr ne      0    0eng d</controlfield><datafield ind1=" " ind2=" " tag="010"><subfield code="a">sn 90068499 </subfield></datafield><datafield ind1=" " ind2=" " tag="040"><subfield code="a">ONP</subfield><subfield code="b">eng</subfield><subfield code="c">ONP</subfield><subfield code="d">OCLCQ</subfield></datafield><datafield ind1=" " ind2=" " tag="042"><subfield code="a">msc</subfield></datafield><datafield ind1="0" ind2=" " tag="130"><subfield code="a">Harbor journal (Ashtabula, Ohio)</subfield></datafield><datafield ind1="1" ind2="4" tag="245"><subfield code="a">The Harbor journal.</subfield></datafield><datafield ind1="1" ind2="3" tag="246"><subfield code="a">Journal</subfield></datafield><datafield ind1="3" ind2="0" tag="246"><subfield code="a">Northeast Ohio journal</subfield></datafield><datafield ind1=" " ind2=" " tag="260"><subfield code="a">Ashtabula Harbor, Ohio :</subfield><subfield code="b">Charles A. Altonen,</subfield><subfield code="c">1981-1987.</subfield></datafield><datafield ind1=" " ind2=" " tag="300"><subfield code="a">v.</subfield></datafield><datafield ind1=" " ind2=" " tag="310"><subfield code="a">Weekly</subfield></datafield><datafield ind1="0" ind2=" " tag="362"><subfield code="a">1st year, no. 1 (Sept. 10, 1981)-v. 5, no. 51 (Dec. 30, 1987).</subfield></datafield><datafield ind1=" " ind2=" " tag="500"><subfield code="a">Frequency varies.</subfield></datafield><datafield ind1=" " ind2=" " tag="500"><subfield code="a">Published as: Journal, Sept. 24, 1982-Mar. 25, 1983, and: Northeast Ohio journal, Apr. 27, 1983.</subfield></datafield><datafield ind1=" " ind2=" " tag="515"><subfield code="a">Suspended with Apr. 27, 1983 issue; resumed with Dec. 1984 issue.</subfield></datafield><datafield ind1=" " ind2="4" tag="651"><subfield code="a">Ashtabula (Ohio)</subfield><subfield code="v">Newspapers.</subfield></datafield><datafield ind1=" " ind2="4" tag="651"><subfield code="a">Ashtabula Harbor (Ohio)</subfield><subfield code="v">Newspapers.</subfield></datafield><datafield ind1=" " ind2="4" tag="651"><subfield code="a">Ashtabula County (Ohio)</subfield><subfield code="v">Newspapers.</subfield></datafield><datafield ind1=" " ind2=" " tag="752"><subfield code="a">United States</subfield><subfield code="b">Ohio</subfield><subfield code="c">Ashtabula</subfield><subfield code="d">Ashtabula Harbor.</subfield></datafield><datafield ind1="1" ind2=" " tag="029"><subfield code="a">AU@</subfield><subfield code="b">000025875432</subfield></datafield></record>